@book{dempe2000bilevel,
  title={Bilevel programming with knapsack constraints},
  author={Dempe, Stephan and Richter, Klaus},
  year={2000},
  publisher={TU Bergakademie, Fakult{\"a}t f{\"u}r Mathematik und Informatik}
}

@article{caprara2014study,
	title={A study on the computational complexity of the bilevel knapsack problem},
	author={Caprara, Alberto and Carvalho, Margarida and Lodi, Andrea and Woeginger, Gerhard J},
	journal={SIAM Journal on Optimization},
	volume={24},
	number={2},
	pages={823--838},
	year={2014},
	publisher={SIAM}
}

@article{bazgan2011most,
  title={The most vital nodes with respect to independent set and vertex cover},
  author={Bazgan, Cristina and Toubaline, Sonia and Tuza, Zsolt},
  journal={Discrete Applied Mathematics},
  volume={159},
  number={17},
  pages={1933--1946},
  year={2011},
  publisher={Elsevier}
}

@article{baiou2016stackelberg,
  title={Stackelberg Bipartite Vertex Cover and the Preflow Algorithm},
  author={Ba{\"\i}ou, Mourad and Barahona, Francisco},
  journal={Algorithmica},
  volume={74},
  number={3},
  pages={1174--1183},
  year={2016},
  publisher={Springer}
}
	
@article{scaparra2008bilevel,
  title={A bilevel mixed-integer program for critical infrastructure protection planning},
  author={Scaparra, Maria P and Church, Richard L},
  journal={Computers \& Operations Research},
  volume={35},
  number={6},
  pages={1905--1923},
  year={2008},
  publisher={Elsevier}
}

@article{aksen2012bilevel,
  title={A bilevel fixed charge location model for facilities under imminent attack},
  author={Aksen, Deniz and Aras, Necati},
  journal={Computers \& Operations Research},
  volume={39},
  number={7},
  pages={1364--1381},
  year={2012},
  publisher={Elsevier}
}

@article{frederickson1999increasing,
  title={Increasing the weight of minimum spanning trees},
  author={Frederickson, Greg N and Solis-Oba, Roberto},
  journal={Journal of Algorithms},
  volume={33},
  number={2},
  pages={244--266},
  year={1999},
  publisher={Elsevier}
}

@inproceedings{zenklusen20151,
  title={An o (1)-approximation for minimum spanning tree interdiction},
  author={Zenklusen, Rico},
  booktitle={2015 IEEE 56th Annual Symposium on Foundations of Computer Science},
  pages={709--728},
  year={2015},
  organization={IEEE}
}


@article{ahuja1988network,
  title={Network flows},
  author={Ahuja, Ravindra K and Magnanti, Thomas L and Orlin, James B},
  year={1988},
  publisher={Cambridge, Mass.: Alfred P. Sloan School of Management, Massachusetts~â€¦}
}

@article{leskovec2016snap,
  title={SNAP: A General-Purpose Network Analysis and Graph-Mining Library},
  author={Leskovec, Jure and Sosi{\v{c}}, Rok},
  journal={ACM Transactions on Intelligent Systems and Technology (TIST)},
  volume={8},
  number={1},
  pages={1},
  year={2016},
  publisher={ACM}
}

@article{zhang2016competitive,
  title={The competitive facility location problem under disruption risks},
  author={Zhang, Ying and Snyder, Lawrence V and Ralphs, Ted K and Xue, Zhaojie},
  journal={Transportation Research Part E: Logistics and Transportation Review},
  volume={93},
  pages={453--473},
  year={2016},
  publisher={Elsevier}
}

@misc{ilog2017cplex,
	author={IBM},
	title={{ILOG CPLEX} Optimization studio (12.8)},
	year={2017},
	note={https://www.ibm.com/products/ilog-cplex-optimization-studio (Accessed January 06, 2019)}
}

@techreport{tahernejad2016branch,
  title={A branch-and-cut algorithm for mixed integer bilevel linear optimization problems and its implementation},
  author={Tahernejad, Sahar and Ralphs, Ted K and DeNegre, Scott T},
  year={2016},
  institution={Tech. rep., COR@ L Laboratory Technical Report 16T-015-R3, Lehigh University}
}

@article{caprara2016bilevel,
  title={Bilevel knapsack with interdiction constraints},
  author={Caprara, Alberto and Carvalho, Margarida and Lodi, Andrea and Woeginger, Gerhard J},
  journal={INFORMS Journal on Computing},
  volume={28},
  number={2},
  pages={319--333},
  year={2016},
  publisher={INFORMS}
}
@article{denegre2011interdiction,
  title={Interdiction and discrete bilevel linear programming},
  author={DeNegre, Scott},
  year={2011}
}
@article{frederickson1999increasing,
  title={Increasing the weight of minimum spanning trees},
  author={Frederickson, Greg N and Solis-Oba, Roberto},
  journal={Journal of Algorithms},
  volume={33},
  number={2},
  pages={244--266},
  year={1999},
  publisher={Elsevier}
}

@article{martello1999dynamic,
  title={Dynamic programming and strong bounds for the 0-1 knapsack problem},
  author={Martello, Silvano and Pisinger, David and Toth, Paolo},
  journal={Management Science},
  volume={45},
  number={3},
  pages={414--424},
  year={1999},
  publisher={INFORMS}
}

@article{mansi2012exact,
  title={An exact algorithm for bilevel 0-1 knapsack problems},
  author={Mansi, Raid and Alves, Cl{\'a}udio and Val{\'e}rio de Carvalho, JM and Hanafi, Sa{\"\i}d},
  journal={Mathematical Problems in Engineering},
  volume={2012},
  year={2012},
  publisher={Hindawi}
}

@article{zhao2017polyhedral,
  title={A polyhedral study on chance constrained program with random right-hand side},
  author={Zhao, Ming and Huang, Kai and Zeng, Bo},
  journal={Mathematical Programming},
  volume={166},
  number={1-2},
  pages={19--64},
  year={2017},
  publisher={Springer}
}

@article{abdi2016mixing,
  title={On the mixing set with a knapsack constraint},
  author={Abdi, Ahmad and Fukasawa, Ricardo},
  journal={Mathematical Programming},
  volume={157},
  number={1},
  pages={191--217},
  year={2016},
  publisher={Springer}
}

@article{kuccukyavuz2012mixing,
  title={On mixing sets arising in chance-constrained programming},
  author={K{\"u}{\c{c}}{\"u}kyavuz, Simge},
  journal={Mathematical programming},
  volume={132},
  number={1-2},
  pages={31--56},
  year={2012},
  publisher={Springer}
}

@article{luedtke2010integer,
  title={An integer programming approach for linear programs with probabilistic constraints},
  author={Luedtke, James and Ahmed, Shabbir and Nemhauser, George L},
  journal={Mathematical programming},
  volume={122},
  number={2},
  pages={247--272},
  year={2010},
  publisher={Springer}
}

@article{atamturk2000mixed,
  title={The mixed vertex packing problem},
  author={Atamt{\"u}rk, Alper and Nemhauser, George L and Savelsbergh, Martin WP},
  journal={Mathematical Programming},
  volume={89},
  number={1},
  pages={35--53},
  year={2000},
  publisher={Springer}
}
@article{gunluk2001mixing,
  title={Mixing mixed-integer inequalities},
  author={G{\"u}nl{\"u}k, Oktay and Pochet, Yves},
  journal={Mathematical Programming},
  volume={90},
  number={3},
  pages={429--457},
  year={2001},
  publisher={Springer}
}

@article{brown2006defending,
  title={Defending critical infrastructure},
  author={Brown, Gerald and Carlyle, Matthew and Salmer{\'o}n, Javier and Wood, Kevin},
  journal={Interfaces},
  volume={36},
  number={6},
  pages={530--544},
  year={2006},
  publisher={Informs}
}

@article{caprara2014study,
  title={A study on the computational complexity of the bilevel knapsack problem},
  author={Caprara, Alberto and Carvalho, Margarida and Lodi, Andrea and Woeginger, Gerhard J},
  journal={SIAM Journal on Optimization},
  volume={24},
  number={2},
  pages={823--838},
  year={2014},
  publisher={SIAM}
}
